# Elkan's course notes
@misc{CSE250B,
  title = {Learning meanings for sentences},
  author = {Charles Elkan},
  howpublished = {\url{http://cseweb.ucsd.edu/~elkan/250B/}},
  year = {2013},
  month = {February},
}


# original paper
@inproceedings{Socher,
  author = {Richard Socher and Jeffrey Pennington and Eric H. Huang and Andrew Y. Ng and Christopher D. Manning},
  title = {{Semi-Supervised Recursive Autoencoders for Predicting Sentiment Distributions}},
  booktitle = {Proceedings of the 2011 Conference on Empirical Methods in Natural Language Processing (EMNLP)}, 
  year = 2011
}

# L-BFGS
@misc{scipy,
  title = {{SciPy}: Open source scientific tools for {Python}},
  author = {Eric Jones and Travis Oliphant and Pearu Peterson and others},
  howpublished = {\url{http://www.scipy.org/}},
  year = {2013},
}
